<record><leader>00000cas a22000007a 4500</leader><controlfield tag="001">19000398</controlfield><controlfield tag="008">890110d18811890ohuwr ne      0    0eng d</controlfield><datafield ind1=" " ind2=" " tag="010"><subfield code="a">sn 89075008 </subfield></datafield><datafield ind1=" " ind2=" " tag="040"><subfield code="a">ONP</subfield><subfield code="b">eng</subfield><subfield code="c">ONP</subfield><subfield code="d">OCLCQ</subfield></datafield><datafield ind1=" " ind2=" " tag="042"><subfield code="a">msc</subfield></datafield><datafield ind1="0" ind2="4" tag="245"><subfield code="a">The Ansonia mirror.</subfield></datafield><datafield ind1=" " ind2=" " tag="260"><subfield code="a">Ansonia, O. [Ohio] :</subfield><subfield code="b">John S. Roger,</subfield><subfield code="c">1881-1890.</subfield></datafield><datafield ind1=" " ind2=" " tag="310"><subfield code="a">Weekly</subfield></datafield><datafield ind1="0" ind2=" " tag="362"><subfield code="a">Vol. 1, no. 1 (July 23, 1881)-v. 10, no. 52 (Dec. 26, 1890).</subfield></datafield><datafield ind1=" " ind2=" " tag="752"><subfield code="a">United States</subfield><subfield code="b">Ohio</subfield><subfield code="c">Darke</subfield><subfield code="d">Ansonia.</subfield></datafield></record>